@Article{Valimaki2010,
  author = {Vesa Välimäki AND Juhan Nam AND Julios O. Smith AND Jonathan S. Abel},
  date   = {2010-05},
  title  = {Alias-Suppressed Oscillators Based on Differentiated Polynomial Waveforms},
  url    = {https://mac.kaist.ac.kr/pubs/ValimakiNamSmithAbel-taslp2010.pdf},
}

@Comment{jabref-meta: databaseType:biblatex;}

@Comment{jabref-meta: saveActions:disabled;
all-text-fields[identity]
date[normalize_date]
month[normalize_month]
pages[normalize_page_numbers]
;}
